@inproceedings{riesch_project_2020,
  author = {Riesch, M. and Haider, M. and Jirauschek, C.},
  booktitle = {International Conference on Numerical Simulation of
  Optoelectronic Devices (NUSOD)}, 
  title = {Project Skeletons for Scientific Software}, 
  year = {2020},
  volume = {},
  number = {},
  pages = {111-112},
  doi = {10.1109/NUSOD49422.2020.9217756}
}